<record xmlns:xsi="http://www.w3.org/2001/XMLSchema-instance" xmlns="http://www.loc.gov/MARC21/slim" xsi:schemaLocation="http://www.loc.gov/MARC21/slim http://www.loc.gov/standards/marcxml/schema/MARC21slim.xsd">

  <leader>00584nam a2200157Ia 4500</leader>
  <datafield tag="999" ind1=" " ind2=" ">
    <subfield code="c">2230</subfield>
    <subfield code="d">2230</subfield>
  </datafield>
  <controlfield tag="008">180711b2001    cr ||||| |||| 00| | spa d</controlfield>
  <datafield tag="090" ind1=" " ind2=" ">
    <subfield code="a">18.01.01 </subfield>
    <subfield code="b">209</subfield>
  </datafield>
  <datafield tag="100" ind2=" " ind1="1">
    <subfield code="a">Soto Calderón, Ronald</subfield>
    <subfield code="9">205</subfield>
  </datafield>
  <datafield tag="245" ind2="0" ind1="1">
    <subfield code="a">Principios de estadística para la educación / </subfield>
    <subfield code="c">Ronald Soto Calderón</subfield>
  </datafield>
  <datafield tag="260" ind2=" " ind1=" ">
    <subfield code="a">Heredia, Costa Rica : </subfield>
    <subfield code="b">UNA, </subfield>
    <subfield code="c">2001</subfield>
  </datafield>
  <datafield ind1=" " ind2=" " tag="300">
    <subfield code="a">41 páginas</subfield>
  </datafield>
  <datafield tag="502" ind2=" " ind1=" ">
    <subfield code="a">A la cabeza de la portada: Universidad Nacional. Centro de Investigación y Docencia en Educación. División de Educación Básica</subfield>
  </datafield>
  <datafield tag="650" ind2="4" ind1="1">
    <subfield code="a">ESTADÍSTICA </subfield>
    <subfield code="9">549</subfield>
  </datafield>
  <datafield tag="650" ind1="1" ind2="4">
    <subfield code="a">EDUCACIÓN</subfield>
    <subfield code="9">1</subfield>
  </datafield>
  <datafield tag="942" ind1=" " ind2=" ">
    <subfield code="2">z</subfield>
    <subfield code="c">01</subfield>
  </datafield>
</record>